
@book{institute2013homotopy,
  title = {Homotopy Type Theory: {{Univalent}} Foundations of Mathematics},
  author = {Univalent Foundations Program, The},
  year = {2013},
  publisher = {{Univalent Foundations Program}},
  address = {{Institute for Advanced Study}},
  url = {https://homotopytypetheory.org/book}
}


